@misc{wysiwym,
howpublished="\url{https://domain.tld/wysiwym}",
author="Mean",
title="What You See Is What You Mean",
}
@misc{wysiwyg,
howpublished="\url{https://domain.tld/wysiwyg}",
author="Get",
title="What You See Is What You Get",
}
