@book{homl,
author    = "Aurélien Géron",
title     = "Hands-on Machine Learning",
year      = "2019",
publisher = "O'Reilly",
}
@book{csdd,
author    = "Jean Beney",
title     = "Classification supervisée de documents : théorie et pratique",
year      = "2008",
publisher = "Hermes Science",
}
@article{svm,
author    = "Ricco Rakotomalala",
title     = "SVM : Support Vector Machine",
year      = "????",
publisher = "Université Lumière Lyon 2",
}
