@book{debian-handbook,
author    = "RaphaÃ«l Hertzog and Roland Mas",
title     = "The Debian Administrator's Handbook",
edition   = "Buster",
year      = "2020",
url       = "https://debian-handbook.info",
}
